@TechReport{EOSM,
author = {Levasseur, M. and Mitchell, B.},
title = {Expanded Operating Speed Model},
institution = {Austroads Ltd},
year = {2013},
number = {AP-T229-13}
}

@TechReport{BPFVSLLR,
author = {Han, C. and Pyta, V. and Luk, J. and Cairney, P.},
title = {Best Practice for Variable Speed Limits: Literature Review},
institution = {Austroads Incorporated},
year = {2009},
number = {AP–R342/09}
}

@TechReport{BPFVSLBPR,
author = {Han, C. and Pyta, V. and Luk, J.},
title = {Best Practice for Variable Speed Limits: Best Practice Recommendations},
institution = {Austroads Incorporated},
year = {2009},
number = {AP–R344/09}
}

@TechReport{MNGFSSLAHL,
author = {Jurewicz, C. and Philips, C. and Tziotis, M. and Turner, B.},
title = {Model National Guidelines for Setting Speed Limits at High-risk Locations},
institution = {Austroads Ltd},
year = {2014},
number = {AP-R455-14}
}

@TechReport{MAPFSSLAIR,
author = {Forbes, G. and Gardner, T. and McGee, H. and Srinivasan, R.},
title = {Methods and Practices for Setting Speed Limits: An Informational Report},
institution = {Institute of Transportation Engineers},
year = {2012},
number = {FHWA-SA-12-004}
}

@Article{Jagerbrand2016,
author="J{\"a}gerbrand, Annika K.
and Sj{\"o}bergh, Jonas",
title="Effects of weather conditions, light conditions, and road lighting on vehicle speed",
journal="SpringerPlus",
year="2016",
month="4",
day="23",
volume="5",
number="1",
pages="505",
issn="2193-1801",
doi="10.1186/s40064-016-2124-6",
url="https://doi.org/10.1186/s40064-016-2124-6"
}

@Article{Nama2016,
author="Nama, Suresh
and Maurya, Akhilesh K.
and Maji, Avijit
and Edara, Praveen
and Sahu, Prasanta K.",
title="Vehicle Speed Characteristics and Alignment Design Consistency for Mountainous Roads",
journal="Transportation in Developing Economies",
year="2016",
month="9",
day="22",
volume="2",
number="2",
pages="23",
issn="2199-9295",
doi="10.1007/s40890-016-0028-3",
url="https://doi.org/10.1007/s40890-016-0028-3"
}

@InProceedings{Marzoug2016,
author="Marzoug, Rachid
and Echab, Hicham
and Lakouari, Noureddine
and Ez-Zahraouy, Hamid",
editor="El Yacoubi, Samira
and W{\k{a}}s, Jaroslaw
and Bandini, Stefania",
title="Car Accidents at the Intersection with Speed Limit Zone and Open Boundary Conditions",
booktitle="Cellular Automata",
year="2016",
publisher="Springer International Publishing",
address="Cham",
pages="303--311",
isbn="978-3-319-44365-2"
}

@Article{Peltola2016,
author="Peltola, Harri
and Luoma, Juha",
title="Comparison of road safety in Finland and Sweden",
journal="European Transport Research Review",
year="2016",
month="12",
day="28",
volume="9",
number="1",
pages="3",
issn="1866-8887",
doi="10.1007/s12544-016-0220-x",
url="https://doi.org/10.1007/s12544-016-0220-x"
}

@InProceedings{Gundolf2017,
author="Jakob, Gundolf",
editor="Macioszek, El{\.{z}}bieta
and Sierpi{\'{n}}ski, Grzegorz",
title="Impact of Different Lengths of Urban Road Segments on Speed-Volume Relationship",
booktitle="Contemporary Challenges of Transport Systems and Traffic Engineering ",
year="2017",
publisher="Springer International Publishing",
address="Cham",
pages="169--180",
isbn="978-3-319-43985-3"
}

@InProceedings{Bratu2017,
author="Bratu, Constantin Alexandru
and Covaciu, Dinu",
editor="Chiru, Anghel
and Ispas, Nicolae",
title="Study on the Influence of Intersections with Forest Roads upon the Traffic Flows on Highways",
booktitle="CONAT 2016 International Congress of Automotive and Transport Engineering",
year="2017",
publisher="Springer International Publishing",
address="Cham",
pages="710--720",
isbn="978-3-319-45447-4"
}

@Article{Zhao2016,
author="Zhao, Xiaohua
and Li, Jiahui
and Ma, Jianming
and Rong, Jian",
title="Evaluation of the effects of school zone signs and markings on speed reduction: a driving simulator study",
journal="SpringerPlus",
year="2016",
month="6",
day="21",
volume="5",
number="1",
pages="789",
doi="10.1186/s40064-016-2396-x",
url="https://doi.org/10.1186/s40064-016-2396-x"
}

@Article{Saha2017,
author="Saha, Pritam
and Roy, Nabanita
and Sarkar, Ashoke Kumar
and Pal, Manish",
title="Speed Distribution on Two-Lane Rural Highways with Mixed Traffic: A Case Study in North East India",
journal="Journal of The Institution of Engineers (India): Series A",
year="2017",
month="6",
day="01",
volume="98",
number="1",
pages="107--113",
issn="2250-2157",
doi="10.1007/s40030-017-0208-0",
url="https://doi.org/10.1007/s40030-017-0208-0"
}

@article{HOSSEINLOU201536,
title = "Determining optimal speed limits in traffic networks",
journal = "IATSS Research",
volume = "39",
number = "1",
pages = "36 - 41",
year = "2015",
issn = "0386-1112",
doi = "https://doi.org/10.1016/j.iatssr.2014.08.003",
url = "http://www.sciencedirect.com/science/article/pii/S0386111214000259",
author = "Mansour Hadji Hosseinlou and Salman Aghidi Kheyrabadi and Abbas Zolfaghari",
keywords = "Speed limit, Societal cost, Environment pollutants, Travel time, Traffic accidents, Fuel consumption"
}

@article{Elvik2012,
author = "Rune Elvik",
title = "Speed Limits, Enforcement, and Health Consequences",
journal = "Annual Review of Public Health",
volume = "33",
number = "1",
pages = "225-238",
year = "2012",
doi = "10.1146/annurev-publhealth-031811-124634",
URL = "https://doi.org/10.1146/annurev-publhealth-031811-124634"
}

@article{MAURYA2016428,
title = "Study on Speed and Time-headway Distributions on Two-lane Bidirectional Road in Heterogeneous Traffic Condition",
journal = "Transportation Research Procedia",
volume = "17",
pages = "428 - 437",
year = "2016",
note = "International Conference on Transportation Planning and Implementation Methodologies for Developing Countries (12th TPMDC) Selected Proceedings, IIT Bombay, Mumbai, India, 10-12 December 2014",
issn = "2352-1465",
doi = "https://doi.org/10.1016/j.trpro.2016.11.084",
url = "http://www.sciencedirect.com/science/article/pii/S2352146516306998",
author = "Akhilesh Kumar Maurya and Sanhita Das and Shreya Dey and Suresh Nama",
keywords = "Speed distribution, Headway distribution, Heterogeneous traffic, Bi-directional road"
}

@article{DHAMANIYA2013342,
title = "Speed Prediction Models for Urban Arterials Under Mixed Traffic Conditions",
journal = "Procedia - Social and Behavioral Sciences",
volume = "104",
pages = "342 - 351",
year = "2013",
note = "2nd Conference of Transportation Research Group of India (2nd CTRG)",
issn = "1877-0428",
doi = "https://doi.org/10.1016/j.sbspro.2013.11.127",
url = "http://www.sciencedirect.com/science/article/pii/S1877042813045187",
author = "Ashish Dhamaniya and Satish Chandra",
keywords = "Traffic volume, speed, density, urban arterial"
}

@article{VADEBY201834,
title = "Traffic safety effects of new speed limits in Sweden",
journal = "Accident Analysis and Prevention",
volume = "114",
pages = "34 - 39",
year = "2018",
note = "Road Safety on Five Continents 2016 - Conference in Rio de Janeiro, Brazil.",
issn = "0001-4575",
doi = "https://doi.org/10.1016/j.aap.2017.02.003",
url = "http://www.sciencedirect.com/science/article/pii/S0001457517300532",
author = "Anna Vadeby and Åsa Forsman",
keywords = "Speed limits, Mean speed, Power model, Speed compliance, Traffic safety, Vision zero"
}

@article{GACA20164170,
title = "Speed Management for Local and Regional Rural Roads",
journal = "Transportation Research Procedia",
volume = "14",
pages = "4170 - 4179",
year = "2016",
note = "Transport Research Arena TRA2016",
issn = "2352-1465",
doi = "https://doi.org/10.1016/j.trpro.2016.05.388",
url = "http://www.sciencedirect.com/science/article/pii/S2352146516303945",
author = "Stanislaw Gaca and Mariusz Kiec",
keywords = "Local roads, speed, speed management, speed prediction model, rural roads, road safety"
}

@article{OVIEDOTRESPALACIOS201767,
title = "Effects of road infrastructure and traffic complexity in speed adaptation behaviour of distracted drivers",
journal = "Accident Analysis and Prevention",
volume = "101",
pages = "67 - 77",
year = "2017",
issn = "0001-4575",
doi = "https://doi.org/10.1016/j.aap.2017.01.018",
url = "http://www.sciencedirect.com/science/article/pii/S0001457517300453",
author = "Oscar Oviedo-Trespalacios and Md. Mazharul Haque and Mark King and Simon Washington",
keywords = "Road infrastructure, Traffic complexity, Mobile phone distraction, High-fidelity driving simulator, Driver behaviour, Decision tree"
}

@article{GORALZIK20172061,
title = "The effects of road, driver, and passenger presence on drivers’ choice of speed: a driving simulator study",
journal = "Transportation Research Procedia",
volume = "25",
pages = "2061 - 2075",
year = "2017",
note = "World Conference on Transport Research - WCTR 2016 Shanghai. 10-15 July 2016",
issn = "2352-1465",
doi = "https://doi.org/10.1016/j.trpro.2017.05.400",
url = "http://www.sciencedirect.com/science/article/pii/S235214651730707X",
author = "Anne Goralzik and Mark Vollrath",
keywords = "Speed choice, road traffic safety, speed limit, curvature, lane width, gender, driving experience, passenger presence, driving simulation"
}

@article{SORIGUERA2017257,
title = "Effects of low speed limits on freeway traffic flow",
journal = "Transportation Research Part C: Emerging Technologies",
volume = "77",
pages = "257 - 274",
year = "2017",
issn = "0968-090X",
doi = "https://doi.org/10.1016/j.trc.2017.01.024",
url = "http://www.sciencedirect.com/science/article/pii/S0968090X17300396",
author = "Francesc Soriguera and Irene Martínez and Marcel Sala and Mónica Menéndez",
keywords = "Variable speed limits, Freeway capacity, Traffic homogeneity, Lane flow distribution, Lane changing"
}

@article{VANBENTHEM201544,
title = "What is the optimal speed limit on freeways?",
journal = "Journal of Public Economics",
volume = "124",
pages = "44 - 62",
year = "2015",
issn = "0047-2727",
doi = "https://doi.org/10.1016/j.jpubeco.2015.02.001",
url = "http://www.sciencedirect.com/science/article/pii/S0047272715000146",
author = "Arthur van Benthem",
keywords = "Speed limit, Travel time, Accidents, Pollution, Infant health, Value of a statistical life, Value of time, Externalities"
}

@Book{Lam92,
author = {Lamport, L.},
title = {LaTeX system przygotowywania dokumentów},
publisher = {Wydawnictwo Ariel},
year = {1992},
address = {Kraków},

langid = {polish},
}

@Book{Dil00,
author = {Diller, A.},
title = {LaTeX wiersz po wierszu},
publisher = {Wydawnictwo Helion},
year = {2000},
address = {Gliwice},

langid = {polish},
}


@Manual{ARM06,
title = {Ada Reference Manual {ISO}/{IEC} 8652:200y({E}) {E}d. 3},
organization = {Ada Europe},
year = {2006}
}

@Article{BuDo03,
author = {Burns, A. and Dobbing, B.},
title = {The {R}avenscar {P}rofile for Real--Time and High Integrity Systems},
journal = {Cross{T}alk},
year = {2003},
volume = {16},
number = {11},
pages = {9--12}
}



@InProceedings{PeDa04,
author = {Peleska, J. and Große, D. and Haxthausen, A. E. and Drechsler, R.},
title = {Automated Verification for Train Control Systems},
booktitle = {Proc. of the 5th Symposium on Formal Methods for Automation and Safety in Railway and Automotive Systems (FORMS/FORMAT 2004)},
year = {2004},
pages = {252--265},
address = {Braunschweig, Germany},
month = {December}
}

@TechReport{BuDoVa03,
author = {Burns, A. and Dobbing, B. and Vardanega, T.},
title = {Guide for the Use of the Ada Ravenscar Profile in High Integrity Systems},
institution = {University of York},
year = {2003},
number = {YCS-2003-348}
}



@manual{Alvis2011,
	organization = {AGH University of Science and Technology},
	year = {2011},
	title = {{On Line Alvis Manual}},
	note = {\\\texttt{http://fm.ia.agh.edu.pl/alvis:manual}},
	author = {Szpyrka, M.},

	langid = {english},
}

misc{meanStackArchitecture,
  author = {evidence},
  title = {{MEAN Stack Architecture: AngularJS, NodeJS, ExpressJS and MongoDB}},
  howpublished = "\url{https://evincedev.com/blog/mean-stack-architecture/}",
  year = {2017}, 
  note = "[dostęp 09.06.2017]"
}
